@book{ac,
title={Analytic Combinatorics},
author={Philippe Flajolet{,} Robert Sedgewick},
publisher={Cambridge Press},
year=2009
}

@book{acsv,
title={Analytic Combinatorics in Several Variables},
author={Robin Pemantle{,} Mark Wilson},
year=2013
}

@book{gouldenjackson,
title={Перечислительная комбинаторика},
author={Я. Гульден{,} Д. Джексон},
year=1990
}

@article{giant_component,
title={The Birth of the Giant Component},
author={Svante Janson{,} Donald E. Knuth{,} Tomasz \L uczak{,} Boris 
Pittel.},
journal={\\ Random Structures and Algorithms 4 (1993), no. 3, 231--358}
}

@article{first_cycles,
title={The First Cycles in an Evolving Graph},
author={Philippe Flajolet and Boris Pittel and Donald E. Knuth},
journal={INRIA reports, 1988}
}

@article{wright_1977,
title={The Number of Connected Sparsely Edged Graphs},
author={E.M.Wright}
}

@article{wright_1978,
title={The Number of Connected Sparsely Edged Graphs. II. Smooth Graphs and Blocks},
author={E.M.Wright}
}

@article{wright_1980,
title={The Number of Connected Sparsely Edged Graphs. III. Asymptotic Results},
author={E.M.Wright}
}

@article{wright_1983,
title={The Number of Connected Sparsely Edged Graphs. IV. Large Nonseparable Graphs},
author={E.M.Wright}
}

@book{species,
title={Combinatorial Species and Tree-Like Structures},
author={F. Bergeron{,} G. Labelle{,} P. Leroux},
publisher={Cambridge Press},
year=1998
}

@article{lambda,
title={On the number of lambda terms with prescribed size of their De Bruijn 
representation},
author={B. Gittenberger, Z. Golebiewski},
publisher={arXiv:1509.06139}
}

@book{graphs_manifolds,
title={Графы на поверхностях},
author={А.К.Ландо{,} С.К.Звонкин}
}

@book{stanley1,
title={Enumerative Combinatorics, Volume 1},
author={Richard Stanley}
}

@book{stanley2,
title={Enumerative Combinatorics, Volume 2},
author={Richard Stanley}
}

@book{stanleycatalan,
title={Catalan numbers},
author={Richard Stanley},
year={2015}
}

@misc{shimura-taniyama,
title={Shimura--{Taniyama}--{Weil} Conjecture ({Modularity} Theorem)},
author={Tomcircle},
note="\\ \texttt{https://tomcircle.wordpress.com/2014/04/24/shimura-taniyama-weil-theorem/}"
}

@misc{MF,
title="Modular Functions and Modular Forms",
author={J.S.Milne},
note="\\ \texttt{http://www.jmilne.org/math/CourseNotes/MF110.pdf}"
}

@book{number_theory,
author={G.H.Hardy{,} E.M.Wright {et.al.}},
title={An Introduction to the theory of numbers}
}